<record><leader>00000cas a22000007a 4500</leader><controlfield tag="001">15616066</controlfield><controlfield tag="008">870430d19491977iauwr ne      0    0eng d</controlfield><datafield ind1=" " ind2=" " tag="010"><subfield code="a">sn 87057406 </subfield></datafield><datafield ind1=" " ind2=" " tag="040"><subfield code="a">INP</subfield><subfield code="b">eng</subfield><subfield code="c">INP</subfield><subfield code="d">OCLCQ</subfield></datafield><datafield ind1=" " ind2=" " tag="042"><subfield code="a">msc</subfield></datafield><datafield ind1="0" ind2=" " tag="130"><subfield code="a">Villisca review (Villisca, Iowa : 1949)</subfield></datafield><datafield ind1="1" ind2="4" tag="245"><subfield code="a">The Villisca review.</subfield></datafield><datafield ind1="1" ind2="3" tag="246"><subfield code="a">Villisca review and the Villisca letter</subfield></datafield><datafield ind1=" " ind2=" " tag="260"><subfield code="a">Villisca, Iowa :</subfield><subfield code="b">E.W. Carpenter and L.D. Hull,</subfield><subfield code="c">1949-1977.</subfield></datafield><datafield ind1=" " ind2=" " tag="300"><subfield code="a">29 v.</subfield></datafield><datafield ind1=" " ind2=" " tag="310"><subfield code="a">Weekly</subfield></datafield><datafield ind1="0" ind2=" " tag="362"><subfield code="a">77th year, no. 39 (May 12, 1949)-v. 105, no. 7 (Feb. 10, 1977).</subfield></datafield><datafield ind1=" " ind2=" " tag="500"><subfield code="a">Publisher varies.</subfield></datafield><datafield ind1=" " ind2=" " tag="752"><subfield code="a">United States</subfield><subfield code="b">Iowa</subfield><subfield code="c">Montgomery</subfield><subfield code="d">Villisca.</subfield></datafield><datafield ind1="0" ind2="0" tag="780"><subfield code="t">Villisca review and Villisca letter</subfield><subfield code="w">(DLC)sn 87057419</subfield></datafield><datafield ind1="0" ind2="7" tag="785"><subfield code="t">Stanton viking</subfield><subfield code="w">(DLC)sn 87057405</subfield></datafield><datafield ind1="0" ind2="7" tag="785"><subfield code="t">Villisca review and the Stanton viking</subfield><subfield code="w">(DLC)sn 87057407</subfield></datafield></record>